@article{harris2020array,
  title     = {Array programming with {NumPy}},
  author    = {Charles R. Harris and K. Jarrod Millman and St{\'{e}}fan J.
               van der Walt and Ralf Gommers and Pauli Virtanen and David
               Cournapeau and Eric Wieser and Julian Taylor and Sebastian
               Berg and Nathaniel J. Smith and Robert Kern and Matti Picus
               and Stephan Hoyer and Marten H. van Kerkwijk and Matthew
               Brett and Allan Haldane and Jaime Fern{\'{a}}ndez del
               R{\'{i}}o and Mark Wiebe and Pearu Peterson and Pierre
               G{\'{e}}rard-Marchant and Kevin Sheppard and Tyler Reddy and
               Warren Weckesser and Hameer Abbasi and Christoph Gohlke and
               Travis E. Oliphant},
  year      = {2020},
  month     = sep,
  journal   = {Nature},
  volume    = {585},
  number    = {7825},
  pages     = {357--362},
  doi       = {10.1038/s41586-020-2649-2},
  publisher = {Springer Science and Business Media {LLC}},
  url       = {https://doi.org/10.1038/s41586-020-2649-2}
}
@incollection{NEURIPS2019_9015,
  title     = {PyTorch: An Imperative Style, High-Performance Deep Learning Library},
  author    = {Paszke, Adam and Gross, Sam and Massa, Francisco and Lerer, Adam and Bradbury, James and Chanan, Gregory and Killeen, Trevor and Lin, Zeming and Gimelshein, Natalia and Antiga, Luca and Desmaison, Alban and Kopf, Andreas and Yang, Edward and DeVito, Zachary and Raison, Martin and Tejani, Alykhan and Chilamkurthy, Sasank and Steiner, Benoit and Fang, Lu and Bai, Junjie and Chintala, Soumith},
  booktitle = {Advances in Neural Information Processing Systems 32},
  pages     = {8024--8035},
  year      = {2019},
  publisher = {Curran Associates, Inc.},
  url       = {http://papers.neurips.cc/paper/9015-pytorch-an-imperative-style-high-performance-deep-learning-library.pdf}
}
@software{reback2020pandas,
  author    = {The pandas development team},
  title     = {pandas-dev/pandas: Pandas},
  month     = feb,
  year      = 2020,
  publisher = {Zenodo},
  version   = {latest},
  doi       = {10.5281/zenodo.3509134},
  url       = {https://doi.org/10.5281/zenodo.3509134}
}
@online{suvres_psi,
abstract = {Fork of https://github.com/ArztSamuel/Applying_EANNs},
author = {{Bartosz BÅ‚yszcz}, {Aleksander Filek}},
booktitle = {Applying Evolutionary Artificial Neural Networks},
title = {Applying Evolutionary Artificial Neural Networks},
url = {https://github.com/Suvres/Applying_EANNs_PSI},
urldate = {2022-05-10}
}
@online{aeann_psi,
abstract = {A 2D Unity simulation in which cars learn to navigate themselves through different courses. The cars are steered by a feedforward Neural Network. The weights of the network are trained using a modified genetic algorithm. Short demo video of an early version: https://youtu.be/rEDzUT3ymw4},
author = {{ArztSamuel}},
booktitle = {Applying Evolutionary Artificial Neural Networks},
title = {Applying Evolutionary Artificial Neural Networks},
url = {https://github.com/ArztSamuel/Applying_EANNs},
urldate = {2022-05-10}
}
@book{lnn,
author = {Szaleniec, Maciej and Tadeusiewicz, Ryszard},
year = {2015},
month = {01},
pages = {},
title = {LEKSYKON SIECI NEURONOWYCH [Lexicon on Neural Networks]},
isbn = {978-83-63270-10-0}
}

@book{ai,
author = {Anand Deshpande, Manish Kumar},
year = {2018},
month = {05},
pages = {},
title = {Artificial Intelligence for Big Data},
isbn = {9781788472173}
}